@misc{website:eppstein,
	author = {David Eppstein},
	title = {ICS 161: Design and Analysis of Algorithms},
	url = "http://www.ics.uci.edu/~eppstein/161/960229.html",
	note = "\url{http://www.ics.uci.edu/~eppstein/161/960229.html}"
}
