@misc{lib:tomcrypt,
	author = {Tom St Denis},
	year = 2007,
	title = {libtomcrypt - LibTom Projects},
	url = "http://libtom.org/?page=features&newsitems=5&whatfile=crypt"
}
